%% Buch:    author oder editor, title, publisher, year  
%%          volume oder number, series, address, edition, month, note, isbn
@book{ seifart90,
  address = {Heidelberg, Baden-Wuerttemberg, Germany},
  author = {Manfred Seifart},
  publisher = {Huethig Buch Verlag Heidelberg},
  title = {Analoge Schaltungen},
  year = 1990,
  isbn = {3-7785-1862-3},
}
%% Teil eines Buches:   author, title, booktitle, publisher, year, editor, volume oder number, 
%%                      series, type, chapter, pages, address, edition, month, note
@incollection{ karp72,
  author = {Karp, Richard M.},
  booktitle = {Complexity of Computer Computations},
  editor = {Miller, R. E. and Thatcher, J. W.},
  pages = {85--103},
  publisher = {Plenum Press},
  title = {Reducibility Among Combinatorial Problems},
  year = {1972}
}
%% Zeitungs- oder Zeitschriftenartikel:     author, title, journal, year
%%                                          volume, number, pages, month, note
@article{ prechelt00:comparison,
  author = {Prechelt, Lutz},
  title = {An Empirical Comparison of Seven Programming Languages},
  year = {2000},
  pages = {23--29},
  journal = {Foobar book of lazyness},
  publisher = {IEEE Computer Society Press},
  address = {Los Alamitos, CA, USA},
}